@article{key,
  author = {hola},
  journal = {hola},
  number = {hola},
  title = {hola},
  volume = {hola},
  year = {hola}
}